<?xml version="1.0" encoding="UTF-8"?><collection xmlns="http://www.loc.gov/MARC21/slim"><record><leader>00504nam--2200181-i-4500</leader><controlfield tag="001">000010708</controlfield><controlfield tag="002">20161230</controlfield><controlfield tag="005">20161230201028</controlfield><controlfield tag="008">060222s1000------------r-----000-0-eng-d</controlfield><datafield ind1=" " ind2=" " tag="040"><subfield code="a">IFIN-HH</subfield></datafield><datafield ind1=" " ind2=" " tag="080"><subfield code="a">539.143.4</subfield></datafield><datafield ind1="1" ind2=" " tag="100"><subfield code="a">Boldrighini, C</subfield></datafield><datafield ind1="1" ind2="0" tag="245"><subfield code="a">Transverse momentum distributions in multiperipheral models</subfield><subfield code="c">C. boldrighini, l. lusanna</subfield></datafield><datafield ind1=" " ind2=" " tag="260"><subfield code="a">Universita</subfield><subfield code="b">Florence</subfield><subfield code="c">1973</subfield></datafield><datafield ind1=" " ind2=" " tag="300"><subfield code="a">13 P. + 6 P.FIG</subfield></datafield><datafield ind1="1" ind2=" " tag="700"><subfield code="a">Lusanna, L</subfield></datafield><datafield ind1=" " ind2=" " tag="852"><subfield code="a">39138</subfield><subfield code="c">539.14</subfield></datafield><datafield ind1=" " ind2=" " tag="CAT"><subfield code="a">Sys</subfield><subfield code="c">20120329</subfield><subfield code="h">095540</subfield></datafield></record></collection>